@book{LC,
    author = {L.~Caniglia},
    title = {{Galois Theory}},
    publisher = {Manuscript},
    year = {2024},
    url = {https://www.overleaf.com/read/cmtnyjfrqdsd#6f99cd}
}

@book{LC-groups,
    author = {L.~Caniglia},
    title = {{Group Theory Notes}},
    publisher = {Manuscript},
    year = {2022},
    url = {https://www.overleaf.com/read/btpkwnkmyxhz#9fc044}
}

@MISC {1113402,
    TITLE = {\textit{Finite subgroups of the multiplicative group of a field are cyclic}},
    AUTHOR = {faith},
    HOWPUBLISHED = {Mathematics Stack Exchange},
    year = {2015},
    URL = {https://math.stackexchange.com/q/1113402}
}